% Encoding: UTF-8

@Book{Juerjens2005SSD,
  author    = {Jan JÃ¼rjens},
  title     = {Secure Systems Development with UML},
  year      = {2005},
  publisher = {Springer},
}

@Standard{ISO20132IO,
  title        = {ISO 25964-2:2013(E) The International Standard for Thesauri and Interoperability with other Vocabularies - Part 2: Interoperability with other Vocabularies},
  year         = {2013},
  organization = {ISO - The International Standards Organization},
  url          = {https://www.niso.org/schemas/iso25964},
  urldate      = {2019-09-02},
}

@Standard{ISO20111TI,
  title        = {ISO 25964-1:2011(E) The International Standard for Thesauri and Interoperability with other Vocabularies - Part 1: Thesauri for Information Retrieval},
  year         = {2011},
  organization = {ISO - The International Standards Organization},
  url          = {https://www.niso.org/schemas/iso25964},
  urldate      = {2019-09-02},
}

@Comment{jabref-meta: databaseType:biblatex;}

@Comment{jabref-entrytype: Standard: req[title;year;institution/organization] opt[date;number;note;month;author;shorthand;type;url;urldate]}
