% Encoding: UTF-8
@inproceedings{Gaeta:2015:MAS:2791060.2791104,
 author = {Gaeta, Jes\'{u}s Padilla and Czarnecki, Krzysztof},
 title = {Modeling Aerospace Systems Product Lines in SysML},
 booktitle = {International Conference on Software Product Line},
 series={SPLC},
 year = {2015},
 pages = {293--302},
 publisher = {ACM}
}

@inproceedings{Mendonca:2009:SSP:1639950.1640002,
	author = {Mendonca, Marcilio and Branco, Moises and Cowan, Donald},
	title = {S.P.L.O.T.: Software Product Lines Online Tools},
	booktitle = {International Conference on Object Oriented Programming Systems Languages and Applications},
	series = {OOPSLA},
	year = {2009},
	pages = {761--762},
	publisher = {ACM}
}

@article{hubaux2013supporting,
	title={Supporting Multiple Perspectives in Feature-Based Configuration},
	author={Hubaux, Arnaud and Heymans, Patrick and Schobbens, Pierre-Yves and Deridder, Dirk and Abbasi, Ebrahim Khalil},
	journal={Software \& Systems Modeling},
	volume={12},
	number={3},
	pages={641--663},
	year={2013}
}

@Article{ClementsK2002:PointCounterpointAdoptionBarrier,
	author = {Clements, Paul C. and Krueger, Charles W.},
	title = {{Point \,/\, Counterpoint: Being Proactive Pays Off \,/\, Eliminating the Adoption Barrier}},
	journal = {IEEE Software},
	year = {2002},
	volume = {19},
	number = {4},
	pages = {28--31}
}

@inproceedings{KruegerFM+2016:ExtractiveCosts,
	author = {Kr{\"{u}}ger, Jacob and Fenske, Wolfram and Meinicke, Jens and Leich, Thomas and Saake, Gunter},
	booktitle = {International Systems and Software Product Line Conference},
	series={SPLC},
	pages = {354--361},
	publisher = {ACM},
	title = {{Extracting Software Product Lines: A Cost Estimation Perspective}},
	year = {2016}
}

@inproceedings{shakeel2018automated,
	title={(Automated) Literature Analysis - Threats and Experiences},
	author={Shakeel, Yusra and Kr{\"u}ger, Jacob and von Nostitz-Wallwitz, Ivonne and Lausberger, Christian and Durand, Gabriel Campero and Saake, Gunter and Leich, Thomas},
	booktitle={International Workshop on Software Engineering for Science},
	series={SE4Science},
	pages={20--27},
	year={2018},
	publisher={IEEE}
}

@article{brereton2007lessons,
	title={Lessons from Applying the Systematic Literature Review Process within the Software Engineering Domain},
	author={Brereton, Pearl and Kitchenham, Barbara A. and Budgen, David and Turner, Mark and Khalil, Mohamed},
	journal={Journal of Systems and Software},
	volume={80},
	number={4},
	pages={571--583},
	year={2007}
}

@inproceedings{Kuiter:2018:GRC:3233027.3233050,
	author = {Kuiter, Elias and Kr\"{u}ger, Jacob and Krieter, Sebastian and Leich, Thomas and Saake, Gunter},
	title = {Getting Rid of Clone-and-Own: Moving to a Software Product Line for Temperature Monitoring},
	booktitle = {International Systems and Software Product Line Conference},
	series={SPLC},
	year = {2018},
	pages = {179--189},
	publisher = {ACM}
}

@inproceedings{lotufo2010evolution,
	title={Evolution of the linux kernel variability model},
	author={Lotufo, Rafael and She, Steven and Berger, Thorsten and Czarnecki, Krzysztof and W{\k{a}}sowski, Andrzej},
	booktitle={14th International Conference on Software Product Lines},
	pages={136--150},
	year={2010},
	publisher = {Springer-Verlag},
	address = {Berlin, Heidelberg}
}

@article{burdek2016reasoning,
	title={Reasoning about product-line evolution using complex feature model differences},
	author={B{\"u}rdek, Johannes and Kehrer, Timo and Lochau, Malte and Reuling, Dennis and Kelter, Udo and Sch{\"u}rr, Andy},
	journal={Automated Software Engineering},
	volume={23},
	number={4},
	pages={687--733},
	year={2016},
	publisher={Springer}
}

@inproceedings{wohlin:2014,
	title={Guidelines for Snowballing in Systematic Literature Studies and a Replication in Software Engineering},
	author={Wohlin, Claes},
	booktitle={International Conference on Evaluation and Assessment in Software Engineering},
	series={EASE},
	pages={38:1--38:10},
	 publisher = {ACM},
	year={2014}
}

@article{derakhshanmanesh2014requirements,
	title={Requirements-Driven Incremental Adoption of Variability Management Techniques and Tools: An Industrial Experience Report},
	author={Derakhshanmanesh, Mahdi and Fox, Joachim and Ebert, J{\"u}rgen},
	journal={Requirements Engineering},
	volume={19},
	number={4},
	pages={333--354},
	year={2014},
	publisher={Springer}
}

@inproceedings{Hofman:2012,
	author = {Hofman, Peter and Stenzel, Tobias and Pohley, Thomas and Kircher, Michael and Bermann, Andreas},
	title = {Domain Specific Feature Modeling for Software Product Lines},
	booktitle = {International Software Product Line Conference},
	series={SPLC},
	year = {2012},
	pages = {229--238},
	publisher = {ACM}
}

@inproceedings{Nakanishi:2018,
	author = {Nakanishi, Tsuneo and Hisazumi, Kenji and Fukuda, Akira},
	title = {Teaching Software Product Lines As a Paradigm to Engineers: An Experience Report in Education Programs and Seminars for Senior Engineers in Japan},
	booktitle = {International Systems and Software Product Line Conference},
	series={SPLC},
	year = {2018},
	pages = {46--47},
	publisher = {ACM},
}

@book{czarnecki2000,
	title={Generative Programming: Methods, Tools, and Applications},
	author={Czarnecki, Krzysztof and Eisenecker, Ulrich W.},
	year={2000},
 publisher = {Addison-Wesley}
}

@inproceedings{iwasaki2010,
	title={An Experience Report of Introducing Product Line Engineering across the Board},
	author={Iwasaki, Takashi and Uchiba, Makoto and Otsuka, Jun and Hachiya, Koji and Nakanishi, Tsuneo and Hisazumi, Kenji and Fukuda, Akira},
	booktitle={International Software Product Line Conference},
	series={SPLC},
	pages={255--258},
	year={2010}
}

@INPROCEEDINGS{boutkova11, 
	author={Ekaterina Boutkova}, 
	booktitle={International Software Product Line Conference}, 
	series={SPLC},
	title={Experience with Variability Management in Requirement Specifications}, 
	year={2011},
	pages={303--312},
	publisher={IEEE}
}
 
@inproceedings{rseb,
title={Software Reuse Architecture, Process, and Organization for Business Success},
author={Griss, Martin L.},
booktitle={Israeli Conference on Computer Systems and Software Engineering},
pages={86--89},
year={1997},
publisher={IEEE},
series={ICCSSE}
}


@article{doCarmoMachado:2012:STP:2382756.2382783,
	author = {do Carmo Machado, Ivan and McGregor, John D. and Santana de Almeida, Eduardo},
	title = {Strategies for Testing Products in Software Product Lines},
	journal = {SIGSOFT Software Engineering Notes},
	volume = {37},
	number = {6},
	year = {2012},
	pages = {1--8}
}

@inproceedings{Berger:2014:TSA:2556624.2556641,
	author = {Berger, Thorsten and Guo, Jianmei},
	title = {Towards System Analysis with Variability Model Metrics},
	booktitle = {Eighth International Workshop on Variability Modelling of Software-Intensive Systems},
	series = {VaMoS '14},
	year = {2013},
	isbn = {978-1-4503-2556-1},
	location = {Sophia Antipolis, France},
	pages = {23:1--23:8},
	articleno = {23},
	numpages = {8},
	url = {http://doi.acm.org/10.1145/2556624.2556641},
	doi = {10.1145/2556624.2556641},
	acmid = {2556641},
	publisher = {ACM},
	address = {New York, NY, USA},
	keywords = {empirical software engineering, feature modeling, metrics, software product lines, variability modeling},
} 

@article{deelstra2005product,
	title={Product Derivation in Software Product Families: A Case Study},
	author={Deelstra, Sybren and Sinnema, Marco and Bosch, Jan},
	journal={Journal of Systems and Software},
	volume={74},
	number={2},
	pages={173--194},
	year={2005}
}

@inproceedings{Andersen:2012:ESF:2362536.2362553,
	author = {Andersen, Nele and Czarnecki, Krzysztof and She, Steven and W\k{a}sowski, Andrzej},
	title = {Efficient Synthesis of Feature Models},
	booktitle = {International Software Product Line Conference},
	series={SPLC},
	year = {2012},
	pages = {106--115},
	publisher = {ACM}
}

@article{thum2014classification,
	title={A Classification and Survey of Analysis Strategies for Software Product Lines},
	author={Th{\"u}m, Thomas and Apel, Sven and K{\"a}stner, Christian and Schaefer, Ina and Saake, Gunter},
	journal={ACM Computin{g} Surveys},
	volume={47},
	number={1},
	pages={6:1--6:45},
	year={2014}
}

@inproceedings{DBLP:conf/vamos/GillanKSBBG07,
	author    = {Charles Gillan and	Peter Kilpatrick and Ivor T. A. Spence and T. John Brown and Rabih Bashroush and Rachel Gawley},
	title     = {Challenges in the Application of Feature Modelling in Fixed Line Telecommunications},
	booktitle = {International Workshop on Variability Modelling of Software-Intensive Systems},
	series={VaMoS},
	pages     = {141--148},
	year      = {2007}
}

@INPROCEEDINGS{Rhein2015, 
	author={von Rhein, Alexander and Grebhahn, Alexander and Apel, Sven and Siegmund, Norbert and Beyer, Dirk and Berger, Thorsten}, 
	booktitle={International Conference on Software Engineering}, 
	title={Presence-Condition Simplification in Highly Configurable Systems}, 
	year={2015},
	series={ICSE},
	pages={178--188}, 
	 publisher = {IEEE}
}

@InBook{kang2003feature,
	author = {Kang, Kyo C. and Lee, Kwanwoo and Lee, JaeJoon and Kim, SaJoong},
	title = {Domain Oriented Systems Development: Practices and Perspectives},
	chapter = {Feature-Oriented Product Line Software Engineering: Principles and Guidelines},
	publisher = {CRC Press},
	year = {2003},
	pages = {29--46}
}

@article{kang1999spe,
	author = {Kang, Kyo C. and Kim, Sajoong and Lee, Jaejoon and Lee, Kwanwoo},
	title = {Feature-Oriented Engineering of PBX Software for Adaptability and Reuseability},
	journal = {Software: Practice and Experience},
	volume = {29},
	number = {10},
	year = {1999},
	pages = {875--896}
}

@techreport{cohen1992application,
	title={Application of Feature-Oriented Domain Analysis to the Army Movement Control Domain},
	author={Cohen, Sholom G. and Stanley Jr., Jay L. and Peterson, A. Spencer and Krut Jr., Robert W.},
	year={1992},
	number = {CMU/SEI-91-TR-28},
	institution={Carnegie-Mellon University}
}

@inproceedings{Hein:2000:AFM:355461.355534,
	author = {Hein, Andreas and Schlick, Michael and Vinga-Martins, Renato},
	title = {Applying Feature Models in Industrial Settings},
	booktitle = {International Software Product Line Conference},
	series={SPLC},
	year = {2000},
	pages = {47--70},
	publisher = {Kluwer}
}

@inproceedings{Griss:1998:IFM:551789.853486,
 author = {Griss, Martin L. and Favaro, John and d'Alessandro, Massimo},
 title = {Integrating Feature Modeling with the RSEB},
 booktitle = {International Conference on Software Reuse},
 series={ICSR},
 year = {1998},
  publisher = {IEEE},
 pages = {76--85}
}

@article{Dhungana:2010:SMS:1805344.1805526,
 author = {Dhungana, Deepak and Gr\"{u}nbacher, Paul and Rabiser, Rick and Neumayer, Thomas},
 title = {Structuring the Modeling Space and Supporting Evolution in Software Product Line Engineering},
 journal = {Journal of Systems and Software},
 volume = {83},
 number = {7},
 year = {2010},
 pages = {1108--1122},
 publisher = {Elsevier}
}

@inproceedings{Manz:2013:TIV:2549902.2549931,
 author = {Manz, Christian and Stupperich, Michael and Reichert, Manfred},
 title = {Towards Integrated Variant Management in Global Software Engineering: An Experience Report},
 booktitle = {International Conference on Global Software Engineering},
 series={ICGSE},
 year = {2013},
 pages = {168--172},
 publisher = {IEEE}
}

@inproceedings{Chavarriaga:2015:UMF:2791060.2791091,
 author = {Chavarriaga, Jaime and Rangel, Carlos and Noguera, Carlos and Casallas, Rubby and Jonckers, Viviane},
 title = {Using Multiple Feature Models to Specify Configuration Options for Electrical Transformers: An Experience Report},
 booktitle = {International Software Product Line Conference},
 series={SPLC},
 year = {2015},
 pages = {216--224},
 publisher = {ACM}
}

@inproceedings{Pohl:2018:VMS:3183519.3183523,
 author = {Pohl, Richard and H{\"o}chsmann, Mischa and Wohlgemuth, Philipp and Tischer, Christian},
 title = {Variant Management Solution for Large Scale Software Product Lines},
 booktitle = {International Conference on Software Engineering: Software Engineering in Practice},
 series={ICSE-SEIP},
 year = {2018},
 pages = {85--94},
 publisher = {ACM}
}

@inproceedings{Fogdal:2016:TYP:2934466.2934491,
 author = {Fogdal, Thomas and Scherrebeck, Helene and Kuusela, Juha and Becker, Martin and Zhang, Bo},
 title = {Ten Years of Product Line Engineering at Danfoss: Lessons Learned and Way Ahead},
 booktitle = {International Systems and Software Product Line Conference},
 series={SPLC},
 year = {2016},
 pages = {252--261},
 publisher = {ACM}
}

@inproceedings{de2006domain,
	title={The Domain Analysis Concept Revisited: A Practical Approach},
	author={de Almeida, Eduardo S. and Mascena, Jorge C. C. P. and Cavalcanti, Ana P. C. and Alvaro, Alexandre and Garcia, Vinicius C. and de Lemos Meira, Silvio R. and Lucr{\'e}dio, Daniel},
	booktitle={International Conference on Software Reuse},
	series={ICSR},
	pages={43--57},
	year={2006},
	publisher={Springer}
}

@inproceedings{Sierszecki:2014:EVM:2648511.2648548,
 author = {Sierszecki, Krzysztof and Steffens, Michaela and Hojrup, Helene H. and Savolainen, Juha and Beuche, Danilo},
 title = {{Extending Variability Management to the Next Level}},
 booktitle = {18th International Software Product Line Conference},
 year = {2014}
} 

@book{linden.ea:2007:SPL,
 author = {van der Linden, Frank J. and Schmid, Klaus and Rommes, Eelco},
 title = {Software Product Lines in Action},
 year = {2007},
  publisher={Springer}
}

@book {Babbie:2012,
title = {{The Practice of Social Research}},
author = {Earl R. Babbie},
publisher = {Cengage Learning},
edition = {13th},
year = {2012},
}

@inproceedings{SchmidJKM05,
  author    = {Klaus Schmid and
               Isabel John and
               Ronny Kolb and
               Gerald Meier},
  title     = {{Introducing the PuLSE Approach to an Embedded System Population at
               Testo {AG}}},
  booktitle = {27th International Conference on Software Engineering},
  year      = {2005},
}

@article{ApelK09,
  author    = {Sven Apel and
               Christian K{\"{a}}stner},
  title     = {{An Overview of Feature- Oriented Software Development}},
  journal   = {J. Object Techn.},
  volume    = {8},
  number    = {5},
  pages     = {49--84},
  year      = {2009},
}

@InProceedings{Zhang:2013:VEE:2491627.2491645,
  Title                    = {{Variability Evolution and Erosion in Industrial Product Lines: A Case Study}},
  Author                   = {Zhang, Bo and Becker, Martin and Patzke, Thomas and Sierszecki, Krzysztof and Savolainen, Juha Erik},
  Booktitle                = {17th International Software Product Line Conference},
  Year                     = {2013},

  Pages                    = {168--177},
  Series                   = {SPLC},
}

@inproceedings{berger.ea:2014:casestudies,
  author = {Berger, Thorsten and Nair, Divya and Rublack, Ralf and Atlee, Joanne M. and Czarnecki, Krzysztof and W\k{a}sowski, Andrzej},
  booktitle = {Model-Driven Engineering Languages and Systems Conference},
  series={MODELS},
  title = {{Three Cases of Feature-Based Variability Modeling in Industry}},
  publisher={Springer},
  pages={302--319},
  year = {2014}
}

@inproceedings{Lettner2014,
  author = {Daniela Lettner and Florian Angerer and Herbert Pr\"ahofer and P. Gr\"unbacher},
  title = {{A Case Study on Software Ecosystem Characteristics in Industrial Automation Software}},
  booktitle = {2014 International Conference on Software and System Process},
  year = {2014}
}

@inproceedings{Lettner2014b,
  author = {Daniela Lettner and Florian Angerer and Paul Gr\"unbacher and Herbert Pr\"ahofer},
  title = {{Software Evolution in an Industrial Automation Ecosystem: An Exploratory Study}},
  booktitle = {40th EUROMICRO Conference on Software Engineering and Advanced Applications},
  pages = {336-343},
  year = {2014}
}


@Misc{zave:2004:features,
	author = {Pamela Zave},
	title  = {{FAQ Sheet on Feature Interactions}},
	year = {2004},
	howpublished = {Available at \url{http://www.research.att.com/~pamela/faq.html}}
}

@article{browning:2001:dsm,
  title={Applying the design structure matrix to system decomposition and integration problems: a review and new directions},
  author={Browning, T.R.},
  journal={IEEE Transaction on Engineering Management},
  volume={48},
  number={3},
  pages={292--306},
  year={2001}
}


@inproceedings{tartler.ea:2011:eurosys,
 author = {Tartler, Reinhard and Lohmann, Daniel and Sincero, Julio and Schr{\"o}der-Preikschat, Wolfgang},
 title = {Feature consistency in compile-time-configurable system software: facing the linux 10,000 feature problem},
 booktitle = {Sixth Conference on Computer Systems},
 year = {2011}
} 

@inproceedings{schroeter:2012:cloud,
 author = {Schroeter, Julia and Cech, Sebastian and G{\"o}tz, Sebastian and Wilke, Claas and Assmann, Uwe},
 title = {Towards modeling a variable architecture for multi-tenant {S}aa{S}-applications},
 booktitle = {VaMoS'12},
 year = {2012}
} 

@inproceedings{schwanninger.ea:2009:VMT,
 author = {Schwanninger, Christa and Groher, Iris and Elsner, Christoph and Lehofer, Martin},
 title = {Variability Modelling throughout the Product Line Lifecycle},
 booktitle = {International Conference on Model Driven Engineering Languages and Systems},
 series={MODELS},
 publisher={Springer},
 pages={685--689},
 year = {2009}
} 

@inproceedings{hubaux.ea:2012:configurators,
author = {Hubaux, Arnaud and Xiong, Yingfei and Czarnecki, Krzysztof},
title = {A User Survey of Configuration Challenges in Linux and eCos},
booktitle = {International Workshop on Variability Modeling of Software-Intensive Systems},
series = {VaMoS},
year = {2012},
pages = {149--155},
publisher = {ACM}
} 

@article{rabiser.ea:2010:derivation,
	title = "Requirements for product derivation support: Results
		\hbox{from a systematic literature review and an expert survey}",
	journal = "Information and Software Technology",
	volume = "52",
	number = "3",
	year = "2010",
	issn = "0950-5849",
	doi = "DOI: 10.1016/j.infsof.2009.11.001",
	author = {Rick Rabiser and Paul Gr\"unbacher and Deepak Dhungana},
}

@inproceedings{djebbi.ea:2007:toolsurvey,
  title={Industry survey of product lines management tools: Requirements, qualities and open issues},
  author={Djebbi, O. and Salinesi, C. and Fanmuy, G.},
  booktitle={RE'07},
  year={2007}
}

@inproceedings{abele.ea:2010:cvm,
  title={The {CVM} framework: A prototype tool for compositional variability management},
  author={Abele, A. and Johansson, R. and L{\"o}nn, H. and Papadopoulos, Y. and Reiser, M.O. and Servat, D. and T{\"o}rngren, M. and Weber, M.},
  booktitle={VaMoS'10},
  year={2010}
}

@inproceedings{thum2009,
  title={Reasoning about edits to feature models},
  author={Thum, Thomas and Batory, Don and Kastner, Christian},
  booktitle={31st International Conference on Software Engineering},
  pages={254--264},
  year={2009}
}

@inproceedings{mendonca.ea:splc:ds:2009,
  author    = {Marcilio Mendon\c{c}a and
               Andrzej W\k{a}sowski and
               Krzysztof Czarnecki},
  title     = {{SAT}-based Analysis of Feature Models is Easy},
  booktitle = {09},
  year      = {2009}
}

@inproceedings{lotufo.ea:2010:evolution,
	author={Rafael Lotufo and Steven She and Thorsten Berger and
		Krzysztof Czarnecki and Andrzej W\k{a}sowski},
	title={Evolution of the {L}inux Kernel Variability Model},
	booktitle = {SPLC'10},
	year	= {2010}
}


@misc{cvl:2012:submission,
	author = {{CVL Submission Team}},
	title  ={Common variability language ({CVL}), {OMG} Revised Submission},
	note = {Available at \url{http://omgwiki.org/variability/lib/exe/fetch.php?media=cvl-revised-submission.pdf}},
	year = {2012}
}


@article{likert:1932:attitude,
  title={A technique for the measurement of attitudes.},
  author={Likert, R.},
  journal={Archives of psychology},
  year={1932}
}

@article{jilles:2010:VM,
  title={Comparing practices for reuse in integration-oriented software product lines and large open source software projects},
  author={van Gurp, Jilles and Prehofer, Christian and  Bosch, Jan},
  journal={Software Practice and Experience},
  year={2010}
}

@inproceedings{steger.ea:2004:bosch,
  title={Introducing {PLA} at Bosch Gasoline Systems: Experiences and Practices},
  author={Steger, Mirjam and Tischer, Christian and Boss, Birgit and M{\"u}ller, Andreas and Pertler, Oliver and Stolz, Wolfgang and Ferber, Stefan},
  booktitle={International Software Product Line Conference},
  publisher={Springer},
  pages={34--50},
  series={SPLC},
  year={2004}
}

@inproceedings{refstrup:2009:hp,
  title={Adapting to Change: Architecture, Processes and Tools: A Closer Look at {HP}'s Experience in Evolving the Owen Software Product Line},
  author={Refstrup, JG},
  booktitle={SPLC'09},
  year={2009},
  note={Keynote, available at \url{http://www.sei.cmu.edu/splc2009/files/SPLC2009AdoptingtoChange_Owen_2009_final.pdf}}
}

@inproceedings{czarnecki.ea:2012:fmdm,
	title = {{Cool Features and Tough Decisions: A Comparison of Variability Modeling Approaches}},
	author = {Czarnecki, Krzysztof and Gr\"{u}nbacher, Paul and Rabiser, Rick and Schmid, Klaus and W\k{a}sowski, Andrzej},
	booktitle = {International Workshop on Variability Modeling of Software-Intensive Systems},
	series={VaMoS},
	publisher = {ACM},
	pages = {173--182},
	year = {2012}
}

@inproceedings{she.ea:2010:vamos,
	title = {The Variability Model of the {L}inux Kernel},
	author = {Steven She and Rafael Lotufo and Thorsten Berger and Andrzej W\k{a}sowski and Krzysztof Czarnecki},
	booktitle = {VaMoS'10},
    year      = {2010}
}

@inproceedings{berger.ea:2010:ase,
  author =       {Thorsten Berger and Steven She and Rafael Lotufo and
                  Andrzej W\k{a}sowski and Krzysztof Czarnecki},
  title =        {Variability Modeling in The Real: {A} Perspective from the Operating Systems Domain},
  booktitle =    {International Conference on Automated Software Engineering},
  publisher = {ACM},
  series={ASE},
  pages = {73--82},
  year	= {2010}
}

@techreport{berger.ea:pcs2010,
  author	= {Thorsten Berger and Steven She and Krzysztof
                  Czarnecki and Andrzej W\k{a}sowski},
  title		= {{F}eature-to-{C}ode Mapping in Two Large Product Lines},
  institution	= {University of Leipzig},
  year		= 2010,
  note = {Available at \url{http://informatik.uni-leipzig.de/~berger/tr/2010-berger.pdf}},
}

@Inproceedings{berger.ea:2010:splc,
  author =       {Thorsten Berger and Steven She and Krzysztof Czarnecki
                  and Andrzej W\k{a}sowski},
  title =        {{F}eature-to-{C}ode Mapping in Two Large Product Lines},
  booktitle =    {14th International Software Product Line Conference},
  series	= {SPLC'10},
   year		= {2010}
}

@misc{berger.ea:2010:cdlnote,
  author	= {Thorsten Berger and Steven She},
  title		= {Formal Semantics of the {CDL} Language},
  school	= {University of Leipzig},
	year		= {2010},  
	note		= {Technical Note. Available at \url{http://www.cse.chalmers.se/~bergert/paper/cdl_semantics.pdf}}
}

url={http://www.informatik.uni-leipzig.de/~berger/cdl_semantics.pdf}

@misc{she.ea:2010:kconfignote,
  author	= {Steven She and Thorsten Berger},
  title		= {Formal Semantics of the {Kconfig} Language},
  school	= {Electrical and Computer Engineering, University of Waterloo, Canada},
	year		= {2010},
  note		= {Technical Note. Available at \url{http://www.cse.chalmers.se/~bergert/paper/kconfig_semantics.pdf}}
}

@inproceedings{krueger:2006:multiproductline,
 author = {Krueger, Charles W.},
 title = {New Methods in Software Product Line Development},
 booktitle = {SPLC'06},
 year = {2006}
} 

@Misc{khandkar:2009:opencoding,
	author = {Shahedul Huq Khandkar},
	title  ={Open Coding},
	year = {2009},
	howpublished = {Lecture material, available at \url{http://pages.cpsc.ucalgary.ca/~saul/wiki/uploads/CPSC681/open-coding.pdf}}
}

@inproceedings{aldazabal.ea:2007:plum,
  title={Product line unified modeler ({PLUM})},
  author={Aldazabal, A. and Erofeev, S.},
  journal={Eclipse Summit Europe},
  year={2007}
}

@inproceedings{bonifacio.ea:2009:hephaestus,
  title={Hephaestus: A tool for managing SPL variabilities},
  author={Bonif{\'a}cio, R. and Teixeira, L. and Borba, P.},
  booktitle={SBCARS Tools Session},
  year={2009}
}
SBCARS Tools Session

@inproceedings{mann.ea:2009:vcontrol,
  title={Dealing with Variability in Architecture Descriptions to Support Automotive Product Lines},
  author={Mann, S. and Rock, G.},
  booktitle={VaMoS'09},
  year={2009}
}

@inproceedings{stoiber.ea:2009:spreba,
 author = {Stoiber, Reinhard and Glinz, Martin},
 title = {Modeling and Managing Tacit Product Line Requirements Knowledge},
 booktitle = {MARK'09},
 year = {2009}
}



@MANUAL{SPC1993,
  title = {Reuse-Driven Software Processes Guidebook, {V}ersion 02.00.03},
  organization = {Software Productivity Consortium Services Corporation, Technical
	Report SPC-92019-CMC},
  year = {1993},
  key = {SPC93a},
  method = {SYNTHESIS}
}

@ARTICLE{benavides.ea:2010:is,
  author = {David Benavides and Sergio Segura and Antonio Ruiz Cort{\'e}s},
  title = {{Automated Analysis of Feature Models 20 Years Later: A Literature Review}},
  journal = {Information Systems},
  year = {2010},
  pages={615-636},
  volume = {35},
  number = {6}
}

@INPROCEEDINGS{Schmid00a,
  author = {Klaus Schmid},
  title = {{Scoping Software Product Lines: An Analysis of an Emerging Technology}},
  booktitle = {SPLC},
  year = {2000},
}

@INPROCEEDINGS{SchmidEtAl2000,
  author = {Schmid, K. and Becker-Kornstaedt, U. and Knauber, P. and Bernauer,
	F.},
  title = {Introducing a software modeling concept in a medium-sized company},
  booktitle = {ICSE},
  year = {2000},
  pages = {558-567},
  address = {Limerick, Ireland}
}

@book{glaser.ea:1967:groundedtheory,
  title={The discovery of grounded theory: Strategies for qualitative research},
  author={Glaser, B.G. and Strauss, A.L.},
  year={1967},
  publisher={Aldine de Gruyter}
}

@article{faust.ea:2003:migration,
  author = {Faust, D and Verhoef, C},
  title = {{Software Product Line Migration and Deployment}},
  journal = {Software: Practice and Experience},
  year = {2003},
  volume = {33},
  number = {10},
  pages = {933--955},
  publisher = {John Wiley \& Sons, Ltd.},
}

@book{johnson:2004:spring,
  title={J2EE Development without EJB},
  author={Johnson, R.H.},
  year={2004},
  publisher={Wiley, New York}
}

@book{weiss.ea:1999:sple,
  title={Software Product-Line Engineering: A Family-Based Software Development Process},
  author={Weiss, David M. and Lai, Chi Tau Robert},
  year={1999},
  publisher={Addison-Wesley}
}

@inproceedings{krueger:2001:transition,
 author = {Krueger, Charles W.},
 title = {Easing the Transition to Software Mass Customization},
 booktitle = {International Workshop on Software Product-Family Engineering},
 publisher={Springer},
 pages={282--293},
 series={PFE},
 year = {2001}
} 

@Misc{sei:catalog,
	author = {{Software Engineering Institute}},
	title  ={Catalog of Software Product Lines},
	year = {},
	howpublished = {\url{http://www.sei.cmu.edu/productlines/casestudies/catalog/index.cfm}}
}

@INPROCEEDINGS{SchmidEtAl2011,
  author = {Schmid, K. and Rabiser, R. and Gr\"{u}nbacher, P.},
  title = {{A Comparison of Decision Modeling Approaches in Product Lines}},
  booktitle = {Fifth Workshop on Variability Modeling of Software-Intensive Systems},
  year = {2011}
}

@book{pohl.ea:2005:sple,
  title={Software Product Line Engineering: Foundations, Principles, and Techniques},
  author={Pohl, Klaus and B{\"o}ckle, G{\"u}nter and van Der Linden, Frank J.},
  year={2005},
  publisher={Springer}
}

@article{mcgregor.ea:2002:initiating,
 author = {McGregor, John D. and Northrop, Linda M. and Jarrad, Salah and Pohl, Klaus},
 title = {Guest Editors' Introduction: Initiating Software Product Lines},
 journal = {IEEE Software},
 issue_date = {July 2002},
 volume = {19},
 number = {4},
 month = jul,
 year = {2002},
 issn = {0740-7459},
 pages = {24--27},
 numpages = {4},
 url = {http://dx.doi.org/10.1109/MS.2002.1020282},
 doi = {10.1109/MS.2002.1020282},
 acmid = {626423},
 publisher = {IEEE Computer Society Press},
 address = {Los Alamitos, CA, USA}
} 

@Book{clements.ea:01:spl,
  author	= {Paul C. Clements and Linda Northrop},
  title		= {Software Product Lines: Practices and Patterns},
  publisher	= {Addison-Wesley},
  year		= {2001}
}

@article{Alves.ea:2010:re4sple,
title = "Requirements engineering for software product lines: A systematic literature review",
journal = "Information and Software Technology",
volume = "52",
number = "8",
pages = "806 - 820",
year = "2010",
author = "Vander Alves and Nan Niu and Carina Alves and George Valen"
}

@book{stahl.ea:2006:mdsd,
  title={Model-Driven Software Development: Technology, Engineering, Management},
  author={Stahl, T. and Voelter, M.},
  publisher={John Wiley \& Sons},
  year={2006}
}


@inproceedings{chen.ea:2009:vm,
 author = {Chen, Lianping and Ali Babar, Muhammad and Ali, Nour},
 title = {Variability management in software product lines: a systematic review},
 booktitle = {SPLC'09},
 year = {2009}
} 

@inproceedings{chen.ea:2010:vmcont,
 author = {Chen, Lianping and Babar, Muhammad Ali},
 title = {Variability management in software product lines: an investigation of contemporary industrial challenges},
 booktitle = {SPLC'10},
 year = {2010}
}


@article{chen.ea:2011:evaluation,
title = "A systematic review of evaluation of variability management approaches in software product lines",
journal = "Information and Software Technology",
volume = "53",
number = "4",
pages = "344 - 362",
year = "2011",
author = "Lianping Chen and Muhammad Ali Babar"
}

@article{thorn.ea:2010:industrialsurvey,
title = {Current state and potential of variability management practices in software-intensive {SMEs}: Results from a regional industrial survey},
journal = {Information and Software Technology},
volume = 52,
number = 4,
pages = {411--421},
year = 2010,
author = {Christer Th{\"o}rn}
}

@inproceedings{thorn.ea:2008:industrialsurvey,
title = {Uptake of modeling practices in {SMEs}: initial results from an industrial survey},
author={Th{\"o}rn, Christer and Gustafsson, Thomas},
booktitle={2008 International Workshop on Models in Software Engineering},
  year={2008}
}

@article{birk.ea:2003:stateofpractice,
title = {Product line engineering, the state of the practice},
journal = {IEEE Software},
volume = 20,
number = 6,
pages = {52--60},
year = 2003,
author = {Birk, A. and Heller, G. and John, I. and Schmid, K. and von der Ma{\ss}en, T. and M{\"u}ller, K.}
}

@article{mohagheghi.ea:2007:reuse,
title = "Quality, productivity and economic benefits of software reuse: a review of industrial studies",
journal = "Empirical Software Engineering",
volume = "12",
number = "5",
pages = "471 - 516",
year = "2007",
author = "Parastoo Mohagheghi and Reidar Conradi"
}

@inproceedings{chen.ea:2009:scalability,
  title={A Survey of Scalability Aspects of Variability Modeling Approaches},
  author={Chen, L. and Ali Babar, M.},
  booktitle={SCALE'09 at SPLC'09},
  year={2009}
}

@TechReport{kang.ea:1990:foda,
  author	= {Kyo C. Kang and Sholom Cohen and James Hess and William Nowak
		  and Spencer Peterson},
  title		= {{Feature-Oriented Domain Analysis {(FODA)} Feasibility
		  Study}},
	number={CMU/SEI-90-TR-21},
 institution={Carnegie-Mellon University},
  year		= {1990}
} 

@techreport{metzger.ea:2007:comparing,
  title={Comparing feature diagram examples found in the research literature},
  author={Metzger, A. and Heymans, P.},
  year={2007},
  number={TR-2007-01},
  institution={University of Duisburg-Essen}
}

@techreport{bergey.ea:2010:armyproductlines,
  title={Software Product Lines: Report of the 2010 U.S. Army Software Product Line Workshop},
  author={Bergey, John K. and Chastek, G. and Cohen, Sholom G. and Donohoe, P.},
  year={2010},
  institution={Technical report CMU/SEI-2010-TR-014, Software Engieering Institute, Carnegie Mellon, Tech. Rep}
}

@techreport{john.ea:2001:german,
  title={Qualifikation von kleinen und mittleren unternehmen (KMU) im bereich software variantenbildung},
  author={John, I. and Knauber, P. and Muthig, D. and Widen, T.},
  year={2001},
  institution={Technical report IESE-026.00/D, Fraunhofer IESE, Tech. Rep}
}

@inproceedings{lee.ea:2000:elevator,
 author = {Lee, Kwanwoo and Kang, Kyo C. and Koh, Eunman and Chae, Wonsuk and Kim, Bokyoung and Choi, Byoung Wook},
 title = {{Domain-Oriented Engineering of Elevator Control Software: A Product Line Practice}},
 booktitle = {International Software Product Line Conference},
  publisher = {Kluwer},
  series={SPLC},
 pages = {3--22},
 year = {2000}
}

@inproceedings{verlage.ea:2009:reusesmallcompany,
 author = {Verlage, Martin and Kiesgen, Thomas},
 title = {{Five Years of Product Line Engineering in a Small Company}},
 booktitle = {27th International Conference on Software Engineering},
 year = {2005}
} 

@inproceedings{jepsen.ea:2009:danfoss,
 author = {Jepsen, Hans P. and Beuche, Danilo},
 title = {{Running a Software Product Line: Standing Still is Going Backwards}},
 booktitle = {International Software Product Line Conference},
 year = {2009},
 series={SPLC},
 pages = {101--110},
 publisher={ACM}
} 

@inproceedings{Jepsen.ea:2007:danfoss,
Title                    = {{Minimally Invasive Migration to Software Product Lines}},
  Author                   = {Jepsen, Hans P. and Dall, Jan G. and Beuche, Danilo},
  Year                     = {2007},
  publisher={IEEE},
  pages={203-211}, 
  series={SPLC},
  booktitle = {International Software Product Line Conference},
}

@inproceedings{Jepsen.ea:2000:danfoss,
 author = {Jepsen, Hans Peter and Nielsen, Flemming},
 title = {{A Two-Part Architectural Model as Basis for Frequency Converter Product Families}},
 booktitle = {International Workshop on Software Architectures for Product Families},
 year = {2000}
}

@inproceedings{gillan.ea:2007:telecommunications,
  title={{Challenges in the Application of Feature Modelling in Fixed Line Telecommunications}},
  author={Gillan, CJ and Kilpatrick, P. and Spence, I. and Brown, T.J. and Bashroush, R. and Gawley, R. and others},
  booktitle={First International Workshop on Variability Modelling of Software-Intensive Systems},
  year={2007}
}

@inproceedings{reiser.ea:2007:UFM,
  title={{Unified Feature Modeling as a Basis for Managing Complex System Families}},
  author={Reiser, M.O. and Tavakoli, R. and Weber, M.},
  booktitle={First International Workshop on Variability Modelling of Software-Intensive Systems},
  year={2007}
}

@inproceedings{pohjalainen.ea:2011:mobile,
  title={{Bottom-up Modeling for a Software Product Line: An Experience Report on Agile Modeling of Governmental Mobile Networks}},
  author={Pietu Pohjalainen},
  booktitle={Proc. SPLC'11},
  year={2011}
}

@inproceedings{tischer.ea:2011:auto,
  title={{Experiences from a Large Scale Software Product Line Merger in the Automotive Domain}},
  author={Tischer, Christian and  Muller, Andreas and Mandl, Thomas and Krause, Ralph},
  booktitle={15th International Software Product Line Conference},
  year={2011}
}

@inproceedings{Gustavsson.ea:2010:auto,
  title={{Architecting Automotive Product Lines: Industrial Practice}},
  author={Gustavsson, Hakan and  Eklund, Ulrik},
  booktitle={14th International Software Product Line Conference},
  year={2010}
}

@inproceedings{Hardung.ea:2004:auto,
  title={{Reuse of Software in Distributed Embedded Automotive Systems}},
  author={Gustavsson, Hakan and  Eklund, Ulrik},
  booktitle={4th ACM International Conference on Embedded Software},
  year={2004}
}

@inproceedings{Dziobek.ea:2008:auto,
  title={{Handling Functional Variants in Simulink Models}},
  author={Dziobek, Christian and Loew, Joachim and Przystas, Wojciech  and Weiland, Jens},
  booktitle={Proc. MACDE'08},
  year={2008}
}

@inproceedings{thiel.ea:2001:auto,
  title={{A Case Study in Applying a Product Line Approach for Car Periphery Supervision Systems}},
  author={Thiel, Steffen and  Ferber, Stefan and Fischer, Thomas and Hein, Andreas and Schlick, Michael and Bosch, Robert},
  booktitle={Proc. SAE'01},
  year={2001}
}

@inproceedings{bayer.ea:2006:auto,
  title={{Process Family Engineering in Automotive Control Systems: a Case Study}},
  author={Bayer, Joachim and  Forster, Thomas and  Lehner, Theresa  and Giese, Cord and Schnieders, Arnd  and Weiland, Jens},
  booktitle={Proc. GPCE'06},
  year={2006}
}
@inproceedings{riebisch.ea:2004:modeling,
   author = {Riebisch, Matthias and Streitferdt, Detlef and Pashov, Ilian},
   title = {{Modeling Variability for Object-Oriented Product Lines}},
   booktitle = {Proc. ECOOP'04 Workshops},
   year = {2004}
}

@incollection{Riebisch03,
    author = {Matthias Riebisch},
    title = {{Towards a More Precise Definition of Feature Models}},
    booktitle = {Modelling Variability for OO Product Lines},
    year = {2003}
}
		editor = {M. Riebisch and J. O. Coplien and D. Streitferdt},

@incollection{herraiz.ea:2010:loc,
  title={Beyond lines of code: Do we need more complexity metrics?},
  author={Herraiz, Israel and Hassan, Ahmed E},
  year={2010},
  publisher={O'Reilly Media},
	editor={Andy Oram and Greg Wilson},
	booktitle={Making Software: What Really Works, and Why We Believe It},
}

@inproceedings{hubaux.ea:2010:vamos,
  author    = {Arnaud Hubaux and Andreas Classen and Marcilio Mendon\c{c}a and		Patrick Heymans},
  pages={53--59},
  title     = {{A Preliminary Review on the Application of Feature Diagrams in Practice}},
  booktitle = {International Workshop on Variability Modelling of Software-Intensive Systems},
  series={VaMoS},
  year      = {2010}
}

@inproceedings{grunbacher.ea:2009:ase,
  author    = {Paul Gr{\"u}nbacher and
               Rick Rabiser and
               Deepak Dhungana and
               Martin Lehofer},
  title     = {{Model-Based Customization and Deployment of {E}clipse-Based
               Tools: Industrial Experiences}},
  booktitle	= {Proc. ASE'09},
  year      = {2009}
}



@techreport{berger.ea:2012:tr,
	title = {{Variability Modeling in the Systems Software Domain}},
	year = {2012},
	institution = {Univ. Waterloo},
	number	= {GSDLAB-TR 2012-07-06},
	note = {Available at \url{http://gsd.uwaterloo.ca/tr/vm-2012-berger}},
	author = {Berger, Thorsten and She, Steven and Lotufo, Rafael and W\k{a}sowski, Andrezj and Czarnecki, Krzysztof}
}

@unpublished{Veer:2001:cdl,
  author	= {Veer, B. and Dallaway, J.},
  title		= {{The eCos component writer�s guide}},
  note		= {The eCos component writer�s guide, Available from
		  \url{http://ecos.sourceware.org/docs-2.0/cdl-guide/cdl-guide.html}}
}

@unpublished{Zippel:09:Kconfig,
  author	= {Zippel, R. and contributors},
  title		= {{kconfig-language.txt}},
   note	= {available in the kernel tree at 
		  \url{kernel.org}}
}

@Manual{beuche:04:pure,
	title = {pure::variants Eclipse Plugin User Guide},
	author = {Danilo Beuch},
	organization = {pure-systems GmbH},
	year={2004}
}

@article{Gheyi.ea:2011:fm,
title = {{Automatically Checking Feature Model Refactorings}},
journal = {J.  Universal Comp. Sci.},
volume = 17,
number = 5,
pages = {684--711},
year = 2011,
author = {Rohit Gheyi and Tiago Massoni and Paulo Borba}
}

@inproceedings{chen.ea:2009:status,
 author = {Chen, Lianping and  Ali Babar, Muhammad and  Cawley, Ciaran},
 title = {{A Status Report on the Evaluation of Variability Management Approaches}},
 booktitle = {Proc. EASE'09},
 year = {2009}
}

@article{dhungana.ea:2011:dopler,
 author = {Dhungana, Deepak and Gr\"{u}nbacher, Paul and Rabiser, Rick},
 title = {{The DOPLER Meta-Tool for Decision-Oriented Variability Modeling: a Multiple Case Study}},
 journal = {J. ASE},
 volume = {18},
 number = {1},
 month = mar,
 year = {2011},
 pages = {77--114},
 numpages = {38},
 publisher = {Kluwer Academic Publishers},
}

@inproceedings{schmid.ea:2011:decision,
 author = {Schmid, Klaus and  Rabiser, Rick and Gr{\"u}nbacher, Paul},
 title = {{A Comparison of Decision Modeling Approaches in Product Lines}},
 series = {Proc. VaMoS'11},
 year = {2011}
}

@inproceedings{Clauss.ea:2001:umlvar,
 author = {Clauss, M.},
 title = {{Generic Modeling using UML Extensions for Variability}},
 booktitle = {Proc. OOPSLA'11 Workshop on Domain-specific Visual Languages},
 year = {2001}
}

@inproceedings{edson.ea:2005:umlvarman,
 author = {Edson Alves de Oliveira, Junior and Gimenes, Itana M. S. and Hatsue Moriya Huzita,  Elisa and Carlos Maldonado, José},
 title = {{A Variability Management Process for Software Product Lines}},
 booktitle = {Proc. CASCON'05},
 year = {2005}
}
 
@inproceedings{markus.ea:2009:DSL,
 author = {Voelter, Markus},
 title = {{Using Domain Specific Languages for Product Line Engineering}},
 booktitle = {Proc. SPLC'09},
 year = {2009}
}

@inproceedings{yu.ea:2008:goal,
 author = {Yu, Yijun and  Lapouchnian, Alexei and Liaskos, Sotirios and Mylopoulos, John and  Leite, Julio C. S. P.},
 title = {{From Goals to High-Variability Software Design}},
 booktitle = {Proc. ISMIS'08},
 year = {2008}
}

@inproceedings{semmak.ea:2009:goalsvar,
 author = {Semmak, F.},
 title = {{Supporting Variability in Goal-based Requirements}},
 booktitle = {Proc. RCIS'09},
 year = {2009}
}

@inproceedings{sinnema.ea:2004:COVAMOF,
 author = {Sinnema, Marco and Deelstra, Sybren and Nijhuis, Jos and Bosch, Jan},
 title = {{COVAMOF: A Framework for Modeling Variability in Software Product Families}},
 booktitle = {International Software Product Line Conference},
 publisher={Springer},
 pages={197--213},
 series={SPLC},
 year = {2004}
}


@inproceedings{becker.ea:2003:VSL,
 author = {Becker, Martin},
 title = {{Towards a General Model of Variability in Product Families}},
 booktitle = {Proc. SVM'03},
 year = {2003}
}

@inproceedings{kastner.ea:2009:featureide,
 author = {Kastner, Christian and  Thum, Thomas and  Saake, Gunter and  Feigenspan, Janet and Leich, Thomas and  Wielgorz, Fabian and Apel, Sven},
 title = {{FeatureIDE: A Tool Framework for Feature-oriented Software Development}},
 booktitle = {Proc. ICSE'09},
 year = {2009}
}

@inproceedings{michal.ea:2004:fmp,
 author = {Antkiewicz, Michal and  Czarnecki, Krzysztof},
 title = {{FeaturePlugin: Feature Modeling Plug-in for Eclipse}},
 booktitle = {Proc. OOPSLA'04  Workshop on Eclipse Technology eXchange},
 year = {2004}
}

@inproceedings{batory.ea:2004:AHEAD,
 author = {Batory, Don},
 title = {{Feature-Oriented Programming and the AHEAD Tool Suite}},
 booktitle = {Proc. ICSE'04},
 year = {2004}
}

@inproceedings{rick.ea:2012:GM,
 author = {Flores, Rick and Krueger, Charles W. and Clements, Paul C.},
 title = {{Mega-Scale Product Line Engineering at General Motors}},
 booktitle = {Proc. SPLC},
 year = {2012}
}

@article{sinnema.ea:2007:classify,
title = {{Classifying Variability Modeling Techniques}},
journal = {Information and Software Technology},
volume = "49",
number = "7",
pages = "717--739",
year = "2007",
author = {Marco Sinnema and Sybren Deelstra}
}

@TechReport{heymans.ea:2003:sot,
  author      = {Heymans, Patrick and Trigauxf, Jean-Christophe},
  institution = {Institut d'Informatique FUNDP, Namur},
  title       = {{Software Product Line: State of the Art}},
  year        = {2003},
  note        = {Available at \url{http://www.inf.ufpr.br/silvia/topicos/artigostrab10/artigo1-S1e2.pdf}},
  number      = {EPH3310300R0462 / 215315},
}


@inproceedings{berger.ea:2013:survey,
 author = {Berger, Thorsten and Rublack, Ralf and Nair, Divya and Atlee, Joanne M. and Becker, Martin and Czarnecki, Krzysztof and W\k{a}sowski, Andrzej},
 title = {{A Survey of Variability Modeling in Industrial Practice}},
 pages = {7:1--7:8},
 booktitle = {International Workshop on Variability Modelling of Software-Intensive Systems},
 series={VaMoS},
 publisher = {ACM},
 year = {2013}
} 


@inproceedings{dhungana.ea:2008:decisionmodeling,
  title={{Understanding Decision-Oriented Variability Modelling}},
  author={Dhungana, D. and Gr{\"u}nbacher, P.},
  booktitle={First Workshop on Analyses of Software Product Lines},
  year={2008}
}

@inproceedings{hutchinson.ea:2011:mddcases,
 author = {Hutchinson, John and Rouncefield, Mark and Whittle, Jon},
 title = {{Model-Driven Engineering Practices in Industry}},
 booktitle = {Proc. ICSE'11},
 year = {2011}
}

@inproceedings{hutchinson.ea:2011:mdd,
 author = {Hutchinson, John and Whittle, Jon and Rouncefield, Mark and Kristoffersen, Steinar},
 title = {{Empirical Assessment of MDE in Industry}},
 booktitle = {Proc. ICSE'11},
 year={2011}
}

@article{berger.ea:2013:models,
  author = {Berger, Thorsten and She, Steven and Lotufo, Rafael and W\k{a}sowski, Andrzej and Czarnecki, Krzysztof},
  journal = {IEEE Transactions of Software Engineering},
  volume = {39},
  number = {12},
  pages={1611-1640}, 
  title = {{A Study of Variability Models and Languages in the Systems Software Domain}},
  year = 2013
}

@inproceedings{she.ea:2011:refm,
 author = {She, Steven and Lotufo, Rafael and Berger, Thorsten and W\k{a}sowski, Andrzej and Czarnecki, Krzysztof},
 title = {{Reverse Engineering Feature Models}},
  publisher = {ACM},
  series={ICSE},
  pages = {461--470},
 booktitle = {International Conference on Software Engineering},
 year = {2011}
}

@unpublished{nadi.ea:2014:constraints,
  author={Sarah Nadi and Thorsten Berger and Christian K{\"a}stner and Krzysztof Czarnecki},
	title= {{Mining Configuration Constraints: Static Analyses and Empirical Results}},
	note={Under review}
}

@Inproceedings{dubinski.ea:2013:cloning,
	author = {Yael Dubinsky and Julia Rubin and Thorsten Berger and Slawomir Duszynski and Martin Becker and Krzysztof Czarnecki},
	title  ={{An Exploratory Study of Cloning in Industrial Software Product Lines}},
	year = {2013},
	pages={25-34}, 
	publisher = {IEEE},
	booktitle = {European Conference on Software Maintenance and Reengineering},
	series={CSMR}
}

@Article{czarnecki.ea:05:formalizing,
  author	= {Krzysztof Czarnecki and Simon Helsen and Ulrich Eisenecker},
  title		= {{Formalizing Cardinality-Based Feature Models and their
		  Specialization}},
  journal	= {Software Process Improvement and Practice},
  year		= {2005},
  pages = {7-29},
  volume	= {10},
  number	= {1}
}

@inproceedings{krueger.ea:2007:gears,
	author = {Krueger, Charles W.},
	title = {BigLever Software Gears and the 3-Tiered SPL Methodology},
	booktitle = {Conference on Object-Oriented Programming Systems and Applications Companion},
	series={OOPSLA},
	 publisher = {ACM},
	year = {2007},
	pages = {844--845}
}

@article{sugumaran:2006:sple,
 author = {Sugumaran, Vijayan and Park, Sooyong and Kang, Kyo C.},
 title = {{Software Product Line Engineering}},
 journal = {Comm. of the ACM},
 volume = {49},
 number = {12},
 month = dec,
 year = {2006},
 pages = {29--32},
 numpages = {5},
 doi = {10.1145/1183236.1183260},
 acmid = {1183260},
 publisher = {ACM},
 address = {New York, NY, USA},
} 

@inproceedings{loesch.ploedereder:07:splc,
 author = {Felix Loesch and Erhard Ploedereder},
 title = {{Optimization of Variability in Software Product Lines}},
 booktitle = {Proc. SPLC'07},
 year = {2007},
 doi = {http://dx.doi.org/10.1109/SPLC.2007.26}
}

@inproceedings{schmid.ea:2011:CDM,
 author = {Schmid, Klaus and Rabiser, Rick and Gr\"{u}nbacher, Paul},
 title = {{A Comparison of Decision Modeling Approaches in Product Lines}},
 booktitle = {Proc. VaMoS'11},
 year = {2011}
}

@inproceedings{sincero.ea:2007:linux,
	author={Julio Sincero and Horst Schirmeier and Wolfgang Schr{\"o}der-Preikschat and Olaf Spinczyk},
	booktitle={International Workshop on Open Source Software and Product Lines},
	title={{Is The Linux Kernel a Software Product Line?}},
	year={2007}
} 

@article{eisenhardt.ea:2007:theory,
  title={{Theory Building from Cases: Opportunities and Challenges}},
  author={Eisenhardt, Kathleen M and Graebner, Melissa E},
  journal={Academy of Management J.},
  volume={50},
  number={1},
  pages={25--32},
  year={2007},
}

@inproceedings{passos.ea:2011:fosd,
 author = {Passos, Leonardo and Novakovic, Marko and Xiong, Yingfei and Berger, Thorsten and Czarnecki, Krzysztof and W\k{a}sowski, Andrzej},
title = {A Study of Non-Boolean Constraints in Variability Models of an Embedded Operating System},
booktitle = {International Software Product Line Conference},
series = {SPLC},
year = {2011},
pages = {2:1--2:8},
publisher = {ACM}
} 

@book{Bosch:2000,
 title = {{Design and Use of Software Architectures -- Adopting and Evolving a Product-line Approach}},
 author = {Jan Bosch},
 publisher = {ACM Press},
 year = {2000}
}

@ARTICLE{ieee_standard, 
journal={IEEE Std 610.12-1990}, 
title={{IEEE Standard Glossary of Software Engineering Terminology}}, 
year={1990}, 
keywords={glossaries;software engineering;standards;IEEE Std 610.12-1990;software engineering terminology;standard glossary;Software engineering;Standards;Terminology;Definitions;Software engineering;dictionary;glossary;terminology}, 
doi={10.1109/IEEESTD.1990.101064},
}

@book{Jacobson:1997,
 author = {Jacobson, Ivar and Griss, Martin and Jonsson, Patrik},
 title = {{Software Reuse: Architecture, Process and Organization for Business Success}},
 year = {1997},
 isbn = {0-201-92476-5},
} 

@inproceedings{Savolainen:2001,
 author = {Savolainen, Juha and Kuusela, Juha},
 title = {{Volatility Analysis Framework for Product Lines}},
 booktitle = {Proc. ISSR},
 year = {2001},
} 

@INPROCEEDINGS{SchobbensEtAl2006,
  author = {Schobbens, Pierre-Yves and Heymans, Patrick and Trigaux, Jean-Christophe},
  title = {{Feature Diagrams: A Survey and a Formal Semantics}},
  booktitle = {International Requirements Engineering Conference},
  pages={139-148}, 
  publisher={IEEE},
  series={RE},
  year = {2006}
}

@ARTICLE{kang-2002, 
author={Kang, Kyo C. and Jaejoon Lee and Donohoe, Patrick}, 
journal={IEEE Software}, 
title={{Feature-Oriented Product Line Engineering}}, 
year={2002}, 
pages={58-65}, 
volume={19}, 
number={4}
}

@article{Lee:2006,
 author = {Lee, Jaejoon and Muthig, Dirk},
 title = {{Feature-oriented Variability Management in Product Line Engineering}},
 journal = {Commun. ACM},
 volume = {49},
 number = {12},
 month = dec,
 year = {2006},
 pages = {55--59},
 publisher = {ACM},
} 

@inproceedings{Classen-2008,
year={2008},
booktitle={Proc. FASE},
title={{What's in a Feature: A Requirements Engineering Perspective}},
author={Classen, Andreas and Heymans, Patrick and Schobbens, Pierre-Yves}
}

@article{Kang:1998:FORM,
 title = {{FORM: A Feature-Oriented Reuse Method with Domain-Specific Reference Architectures}},
 author={Kang, Kyo C. and Kim, Sajoong and Lee, Jaejoon and Kim, Kijoo and Shin, Euiseob and Huh, Moonhang},
 journal={Annals of Software Engineering},
 volume = {5},
 number={1},
 year = {1998},
 pages = {143--168}
} 

@inproceedings{debaud1999,
  title={{A Systematic Approach to Derive the Scope of Software Product Lines}},
  author={DeBaud, J-M and Schmid, Klaus},
  booktitle={Proc. ICSE},
  year={1999}
}

@inproceedings{lee2002,
year={2002},
booktitle={International Conference on Software Reuse},
series={ICSR},
title={{Concepts and Guidelines of Feature Modeling for Product Line Software Engineering}},
author={Lee, Kwanwoo and Kang, Kyo C. and Lee, Jaejoon},
 publisher = {Springer},
pages={62--77}
}

@misc{IEEEStd, 
author={}, 
journal={IEEE Std. 829-1998}, 
title={{IEEE Standard for Software and System Test Documentation}}, 
year={1998}, 
volume={}, 
pages={1-64}, 
doi={10.1109/IEEESTD.1998.88820}, 
}

@misc{BusinessDirectory,
title = "{Business Directory}",
author = "{WebFinance, Inc.}",
year = "2016",
note = "\url{http://www.businessdictionary.com/definition/feature}, [Online; accessed Jan-14-2016]"
}

@misc{AmericanHeritage,
title = "{The American Heritage Dictionary}",
author = "{Houghton Mifflin}",
year = "1985"
}

@inproceedings{Batory2005,
year={2005},
booktitle={International Software Product Line Conference},
series={SPLC},
pages={7-20},
title={Feature Models, Grammars, and Propositional Formulas},
author={Batory, Don},
publisher={Springer}
}

@incollection{Zave2003,
year={2003},
isbn={978-1-4419-2964-8},
booktitle={Programming Methodology},
series={Monographs in Computer Science},
editor={McIver, Annabelle and Morgan, Carroll},
doi={10.1007/978-0-387-21798-7_17},
title={An experiment in feature engineering},
publisher={Springer New York},
author={Zave, Pamela},
pages={353-377},
language={English}
}

@inproceedings{chen2005approach,
  title={An approach to constructing feature models based on requirements clustering},
  author={Chen, Kun and Zhang, Wei and Zhao, Haiyan and Mei, Hong},
  booktitle={13th IEEE International Conference on Requirements Engineering},
  pages={31--40},
  year={2005},
  organization={IEEE}
}

@article{Batory:2004:tse,
 author = {Batory, D. and Sarvela, J. N. and Rauschmayer, A.},
 title = {Scaling Step-Wise Refinement},
 journal = {IEEE Trans. Softw. Eng.},
 issue_date = {June 2004},
 volume = {30},
 number = {6},
 month = jun,
 year = {2004},
 pages = {355--371},
 numpages = {17},
 doi = {10.1109/TSE.2004.23},
 acmid = {998620},
 publisher = {IEEE Press},
 address = {Piscataway, NJ, USA},
} 

@article{apel2008algebra,
  title={An algebra for features and feature composition},
  author={Apel, Sven and Lengauer, Christian and M{\"o}ller, Bernhard and K{\"a}stner, Christian},
  journal={Algebraic Methodology and Software Technology},
  pages={36--50},
  year={2008},
  publisher={Springer}
}

@phdthesis{Schmid2003,
title={Planning software reuse - a disciplined scoping approach for software product lines},
author={Schmid, Klaus},
publisher={Fraunhofer Verlag},
year={2003}
}

@book{Gomaa2004,
 author = {Gomaa, Hassan},
 title = {Designing Software Product Lines with UML: From Use Cases to Pattern-Based Software Architectures},
 year = {2004},
 isbn = {0201775956},
 publisher = {Addison Wesley Longman Publishing Co., Inc.},
} 

@inproceedings{Berg2005,
 author = {Berg, Kathrin and Bishop, Judith and Muthig, Dirk},
 title = {Tracing Software Product Line Variability: From Problem to Solution Space},
 series = {SAICSIT '05},
 year = {2005},
 isbn = {1-59593-258-5},
 pages = {182--191},
 numpages = {10},
 acmid = {1145695},
 publisher = {South African Institute for Computer Scientists and Information Technologists},
} 

@book{Hotz2006,
 author = {Hotz, L. and Wolter, K. and Krebs, T. and Deelstra, S. and Sinnema, M. and Nijhuis, J. and MacGregor J.},
 title = {Configuration in Industrial Product Families: The ConIPF Methodology},
 year = {2006},
 publisher = {Akademische Verlagsgesellschaft},
} 

@inproceedings{metzger2007disambiguating,
  title={Disambiguating the documentation of variability in software product lines: A separation of concerns, formalization and automated analysis},
  author={Metzger, Andreas and Heymans, Patrick and Pohl, Klaus and Schobbens, P-Y and Saval, Germain},
  booktitle={15th IEEE International Requirements Engineering Conference},
  pages={243--253},
  year={2007},
  organization={IEEE}
}

@inproceedings{Parnas2007,
    author = {David Lorge Parnas},
    title = {Software Product-Lines: What To Do When Enumeration Won't Work},
    year = {2007},
		booktitle={VaMoS'07},
		pages={7-14}
}

@misc{IEEEStd829-2008, 
author={}, 
journal={IEEE Std. 829-2008}, 
title={{IEEE Standard for Software and System Test Documentation}}, 
year={2008}, 
volume={}, 
pages={1-150}, 
doi={10.1109/IEEESTD.2008.4578383}, 
}

@phdthesis{Reiser2008,
title={Managing Complex Variability in Automotive Product Lines with Subscoping and Configuration Links},
author={Reiser, M.-O.},
publisher={University of Berlin},
year={2008}
}

@PhdThesis{John2010,
  author    = {Isabel John},
  title     = {Pattern-based Documentation Analysis for Software Product Lines},
  year      = {2010},
  publisher = {Fraunhofer IESE},
  volume    = {PhD Theses in Experimental Software Engineering Vol.30},
}

@Article{rabiser.ea:2016:multi-level,
author="Rabiser, Daniela
and Pr{\"a}hofer, Herbert
and Gr{\"u}nbacher, Paul
and Petruzelka, Michael
and Eder, Klaus
and Angerer, Florian
and Kromoser, Mario
and Grimmer, Andreas",
title="Multi-purpose, multi-level feature modeling of large-scale industrial software systems",
journal="Software {\&} Systems Modeling",
year="2016",
month="Oct",
day="14"
}

@inproceedings{lettner.ea:2015:feature-modeling,
  title={Feature Modeling of two Large-Scale Industrial Software Systems: Experiences and Lessons Learned},
  author={Lettner, Daniela and Eder, Klaus and Gr{\"u}nbacher, Paul and Pr{\"a}hofer, Herbert},
  booktitle={International Conference on Model Driven Engineering Languages and Systems},
  series={MODELS},
  pages={386--395}, 
  publisher={IEEE},
  year={2015}
}

@inproceedings{berger.ea:2015:feature,
  author = {Thorsten Berger and Daniela Lettner and Julia Rubin and Paul Gr{\"u}nbacher and Adeline Silva and Martin Becker and Marsha Chechik and Krzysztof Czarnecki},
  booktitle = {International Software Product Line Conference},
  series={SPLC},
  title = {{What is a Feature? A Qualitative Study of Features in Industrial Software Product Lines}},
  year = {2015},
  pages = {16--25},
  publisher = {ACM}
}

@inproceedings{hubaux.ea:2008:variability,
  title={Variability Modelling Challenges from the Trenches of an Open Source Product Line Re-Engineering Project},
  author={Hubaux, Arnaud and Heymans, Patrick and Benavides, David},
  booktitle={International Software Product Line Conference},
  publisher={IEEE},
  pages={55--64}, 
  series={SPLC},
  year={2008}
}

@inproceedings{kang.ea:2005re-engineering,
  title={Feature-Oriented Re-Engineering of Legacy Systems into Product Line Assets---A Case Study},
  author={Kang, Kyo C. and Kim, Moonzoo and Lee, Jaejoon and Kim, Byungkil},
  booktitle={International Software Product Line Conference},
  series={SPLC},
  year={2005},
  publisher={Springer},
  pages={45--56}
}

@inproceedings{czarnecki2006feature,
  title={Feature models are views on ontologies},
  author={Czarnecki, Krzysztof and Hwan, Chang and Kim, Peter and Kalleberg, KT},
  booktitle={Tenth International Software Product Line Conference},
  pages={41--51},
  year={2006},
  organization={IEEE}
}

@article{berger.ea:2014:ecosystems,
	author={Thorsten Berger and Rolf-Helge Pfeiffer and Reinhard Tartler and Steffen Dienst and Krzysztof Czarnecki and Andrzej W{\k{a}}sowski and Steven She},
	title={{Variability Mechanisms in Software Ecosystems}},
	journal={Information and Software Technology},
	volume = {56},
	number = {11},
	pages = {1520--1535},
	year={2014}
}

@inproceedings{Rodrigues2014,
  title={On the Requirements and Design Decisions of an In-House Component-Based SPL Automated Environment},
  author={Elder de M. Rodrigues and Leonardo Teixeira Passos and Leopoldo Teixeira and Avelino Francisco Zorzo and Fl{\'a}vio Moreira de Oliveira and Rodrigo S. Saad},
  booktitle={SEKE},
  year={2014}
}

@inproceedings{ElDammagh2011,
journal = {Lecture Notes in Computer Science (including subseries Lecture Notes in Artificial Intelligence and Lecture Notes in Bioinformatics)},
pages = {120--129},
volume = {6999},
isbn = {9783642245732},
year = {2011},
title = {Feature modeling tools: Evaluation and lessons learned},
author = {El Dammagh, M. and De Troyer, O.}
}


@inproceedings{mukelabai.ea:2018:analysis,
  author = {Mukelabai Mukelabai and Damir Ne{\v s}i{\'c} and Salome Maro and Thorsten Berger and Jan-Philipp Stegh\"ofer},
  series={ASE},
  booktitle = {International Conference on Automated Software Engineering},
  title = {Tackling Combinatorial Explosion: A Study of Industrial Needs and Practices for Analyzing Highly Configurable Systems},
   publisher = {ACM},
  pages = {155--166},
  year = {2018}
} 

@article{thum.ea:2014:featureide,
 author    = {Th\"{u}m, Thomas and K\"{a}stner, Christian and Benduhn, Fabian and Meinicke, Jens and Saake, Gunter and Leich, Thomas},
 title     = {{FeatureIDE: An Extensible Framework for Feature-Oriented Software Development}},
 journal   = {Science of Computer Programming}, 
 volume    = {79},
 year      = {2014},
 pages     = {70--85}
} 

@article{bashroush.ea:2017:tools,
 author = {Bashroush, Rabih and Garba, Muhammad and Rabiser, Rick and Groher, Iris and Botterweck, Goetz},
 title = {CASE Tool Support for Variability Management in Software Product Lines},
 journal = {ACM Computin{g} Surveys},
 volume = {50},
 number = {1},
 year = {2017},
 pages = {14:1--14:45},
 publisher = {ACM}
} 

@book{apel:2013:fospl,
  title={Feature-Oriented Software Product Lines},
  author={Apel, Sven and Batory, Don and K{\"a}stner, Christian and Saake, Gunter},
  year={2013},
  publisher={Springer}
}

@article{acher.ea:2013:modelmanagement,
 author = {Acher, Mathieu and Collet, Philippe and Lahire, Philippe and France, Robert B.},
 title = {FAMILIAR: A Domain-Specific Language for Large Scale Management of Feature Models},
 journal = {Science of Computer Programming},
 volume = {78},
 number = {6},
 year = {2013},
 pages = {657--681}
}

@inproceedings{acher.ea:2009:composition,
 author = {Acher, Mathieu and Collet, Philippe and Lahire, Philippe and France, Robert B.},
 title = {Composing Feature Models},
 booktitle = {International Conference on Software Language Engineering},
 series={SLE},
 year = {2010},
 pages = {62--81},
 publisher = {Springer}
}  

@book{palmer:2001:fdd,
  title={A practical guide to feature-driven development},
  author={Palmer, Steve R and Felsing, Mac},
  year={2001},
  publisher={Pearson Education}
}

@techreport{Kitchenham2007,
	author = {Kitchenham, Barbara A. and Charters, Stuart},
	title = {{Guidelines for Performing Systematic Literature Reviews in Software Engineering}},
	year = {2007},
	number = {EBSE-2007-01},
	institution={Keele University}
}

@article{deursen.ea:1997:little,
title={Little Languages: Little Maintenance?},
author={van Deursen, Arie and Klint, Paul},
journal={Journal of Software Maintenance: Research and Practice},
volume={10},
number={2},
pages={75--92},
year={1998}
}


@inproceedings{strittmatter.ea:2016:smells,
  title={Challenges in the Evolution of Metamodels: Smells and Anti-Patterns of a Historically-Grown Metamodel},
  author={Strittmatter, Misha and Hinkel, Georg and Langhammer, Michael and Jung, Reiner and Heinrich, Robert},
  year={2016},
  pages={30--39},
	booktitle={Workshop on Models and Evolution},
	series={WME}
}

@article{moody2009physics,
  title={The \enquote{Physics} of Notations: Toward a Scientific Basis for Constructing Visual Notations in Software Engineering},
  author={Moody, Daniel},
  journal={IEEE Transactions on Software Engineering},
  volume={35},
  number={6},
  pages={756--779},
  year={2009}
}

@article{mendling2010seven,
  title={Seven Process Modeling Guidelines (7PMG)},
  author={Mendling, Jan and Reijers, Hajo A. and van der Aalst, Wil M. P.},
  journal={Information and Software Technology},
  volume={52},
  number={2},
  pages={127--136},
  year={2010}
}

@techreport{umlguidelines,
	title={UML Modeling Guidelines},
	author={Open Network Foundation},
	number={ONF TR-514},
	year={2015},
	institution={Open Network Foundation}
}

Version 1.0
March 13, 2015
ONF TR-514

@inproceedings{businge2018appfamilies,
  author = {John Businge and Openja Moses and Sarah Nadi and Engineer Bainomugisha and Thorsten Berger},
  booktitle = {International Conference on Software Maintenance and Evolution},
  series={ICSME},
  title = {Clone-Based Variability Management in the Android Ecosystem},
  pages={625--634}, 
  publisher={IEEE},
  year = {2018}
}

@article{KruegerMG+2019:WhereFeatureRecovering,
	title={Where is my Feature and What is it About? A Case Study on Recovering Feature Facets},
	author={Kr{\"u}ger, Jacob and Mukelabai, Mukelabai and Gu, Wanzi and Shen, Hui and Hebig, Regina and Berger, Thorsten},
	journal={Journal of Systems and Software},
	volume={152},
	pages={239--253},
	year={2019}
}

@InProceedings{Queiroz2016,
  author    = {Rodrigo Queiroz and Thorsten Berger and Krzysztof Czarnecki},
  booktitle = {Proceedings of the 7th International Workshop on Feature-Oriented Software Development - {FOSD} 2016},
  title     = {Towards predicting feature defects in software product lines},
  year      = {2016},
  publisher = {{ACM} Press},
  doi       = {10.1145/3001867.3001874},
}

@Article{Hunsen2015,
  author    = {Claus Hunsen and Bo Zhang and Janet Siegmund and Christian Kästner and Olaf Le{\ss}enich and Martin Becker and Sven Apel},
  journal   = {Empirical Software Engineering},
  title     = {Preprocessor-based variability in open-source and industrial software systems: An empirical study},
  year      = {2015},
  month     = {apr},
  number    = {2},
  pages     = {449--482},
  volume    = {21},
  doi       = {10.1007/s10664-015-9360-1},
  publisher = {Springer Science and Business Media {LLC}},
}

@Article{Queiroz2015,
  author    = {Rodrigo Queiroz and Leonardo Passos and Marco Tulio Valente and Claus Hunsen and Sven Apel and Krzysztof Czarnecki},
  journal   = {Software {\&} Systems Modeling},
  title     = {The shape of feature code: an analysis of twenty C-preprocessor-based systems},
  year      = {2015},
  month     = {jul},
  number    = {1},
  pages     = {77--96},
  volume    = {16},
  doi       = {10.1007/s10270-015-0483-z},
  publisher = {Springer Science and Business Media {LLC}},
}

@InProceedings{Liebig2010,
  author    = {Jörg Liebig and Sven Apel and Christian Lengauer and Christian Kästner and Michael Schulze},
  booktitle = {Proceedings of the 32nd {ACM}/{IEEE} International Conference on Software Engineering - {ICSE} {\textquotesingle}10},
  title     = {An analysis of the variability in forty preprocessor-based software product lines},
  year      = {2010},
  publisher = {{ACM} Press},
  doi       = {10.1145/1806799.1806819},
}

@InProceedings{Spadini2018,
  author    = {Davide Spadini and Maur{\'{\i}}cio Aniche and Alberto Bacchelli},
  booktitle = {Proceedings of the 2018 26th {ACM} Joint Meeting on European Software Engineering Conference and Symposium on the Foundations of Software Engineering - {ESEC}/{FSE} 2018},
  title     = {{PyDriller}: Python framework for mining software repositories},
  year      = {2018},
  publisher = {{ACM} Press},
  doi       = {10.1145/3236024.3264598},
}

@Comment{jabref-meta: databaseType:bibtex;}
